%%绪论%%%

@article{butler2011position,
	title={Position control in lithographic equipment [applications of control]},
	author={{Butler}, Hans},
	journal={IEEE Control Systems Magazine},
	volume={31},
	number={5},
	pages={28--47},
	year={2011},
	publisher={IEEE}
}


@article{yang2018investigation,
	title={Investigation of the dynamic electromechanical coupling due to the thrust harmonics in the linear motor feed system},
	author={{Yang}, Xiaojun and {Liu}, Hui and {Lu}, Dun and {Zhao}, Wanhua},
	journal={Mechanical Systems and Signal Processing},
	volume={111},
	pages={492--508},
	year={2018},
	publisher={Elsevier}
}

@phdthesis{董泽光2014精密气浮运动平台的建模,
	title={精密气浮运动平台的建模,分析与控制},
	author={董泽光},
	address={上海},
	school={上海交通大学},
	year={2014},
}

@article{zhao2005adaptive,
	title={Adaptive feedforward compensation of force ripples in linear motors},
	author={{Zhao}, S and {Tan}, KK},
	journal={Control Engineering Practice},
	volume={13},
	number={9},
	pages={1081--1092},
	year={2005},
	publisher={Elsevier}
}

@article{chen2009modeling,
	title={Modeling and compensation of ripples and friction in permanent-magnet linear motor using a hysteretic relay},
	author={{Chen}, Si-Lu and {Tan}, Kok Kiong and {Huang}, Sunan and {Teo}, Chek Sing},
	journal={IEEE/ASME Transactions on Mechatronics},
	volume={15},
	number={4},
	pages={586--594},
	year={2009},
	publisher={IEEE}
}

@article{bascetta2009force,
	title={Force ripple compensation in linear motors based on closed-loop position-dependent identification},
	author={{Bascetta}, Luca and {Rocco}, Paolo and {Magnani}, Gianantonio},
	journal={IEEE/ASME Transactions on Mechatronics},
	volume={15},
	number={3},
	pages={349--359},
	year={2009},
	publisher={IEEE}
}

@article{hu2009coordinated,
	title={Coordinated adaptive robust contouring control of an industrial biaxial precision gantry with cogging force compensations},
	author={{Hu}, Chuxiong and {Yao}, Bin and {Wang}, Qingfeng},
	journal={IEEE Transactions on Industrial Electronics},
	volume={57},
	number={5},
	pages={1746--1754},
	year={2009},
	publisher={IEEE}
}

@article{yao2011adaptive,
	title={Adaptive robust precision motion control of a high-speed industrial gantry with cogging force compensations},
	author={{Yao}, Bin and {Hu}, Chuxiong and {Lu}, Lu and {Wang}, Qingfeng},
	journal={IEEE Transactions on control systems technology},
	volume={19},
	number={5},
	pages={1149--1159},
	year={2011},
	publisher={IEEE}
}

@article{song2017iterative,
	title={Iterative learning identification and compensation of space-periodic disturbance in PMLSM systems with time delay},
	author={{Song}, Fazhi and {Liu}, Yang and {Xu}, Jian-Xin and {Yang}, Xiaofeng and {He}, Ping and {Yang}, Zhile},
	journal={IEEE Transactions on Industrial Electronics},
	volume={65},
	number={9},
	pages={7579--7589},
	year={2017},
	publisher={IEEE}
}

@book{刘金琨2013系统辨识理论及,
	title={系统辨识理论及MATLAB仿真},
	author={刘金琨 and 沈晓蓉 and 赵龙},
	address={北京},
	publisher={电子工业出版社},
	year={2013},
}

@phdthesis{付雪微0有铁芯直线电机推力波动的分析与补偿方法研究,
	title={有铁芯直线电机推力波动的分析与补偿方法研究},
	author={付雪微},
	address={哈尔滨},
	school={哈尔滨工业大学},
	year={2017},
}

@book{荣l1990系统辨识,
	title={系统辨识—使用者的理论},
	author={荣L},
	address={上海},
	publisher={译.华东师范大学出版社},
	year={1990}
}

@article{pomerleau1996development,
	title={Development and evaluation of an auto-tuning and adaptive PID controller},
	author={{Pomerleau}, Andr{\'e} and {Desbiens}, Andr{\'e} and {Hodouin}, Daniel and others},
	journal={Automatica},
	volume={32},
	number={1},
	pages={71--82},
	year={1996},
	publisher={Elsevier}
}

@article{wang1997auto,
	title={Auto-tuning of multivariable PID controllers from decentralized relay feedback},
	author={{Wang}, Qing-Guo and {Zou}, Biao and {Lee}, Tong-Heng and {Bi}, Qiang},
	journal={Automatica},
	volume={33},
	number={3},
	pages={319--330},
	year={1997},
	publisher={Elsevier}
}

@article{ho2003relay,
	title={Relay auto-tuning of PID controllers using iterative feedback tuning},
	author={{Ho}, Weng Khuen and {Hong}, Yang and {Hansson}, Anders and {Hjalmarsson}, H{\aa}kan and Deng, JW},
	journal={Automatica},
	volume={39},
	number={1},
	pages={149--157},
	year={2003},
	publisher={Elsevier}
}

@article{monje2008tuning,
	title={Tuning and auto-tuning of fractional order controllers for industry applications},
	author={{Monje}, Concepci{\'o}n A and {Vinagre}, Blas M and {Feliu}, Vicente and {Chen}, YangQuan},
	journal={Control engineering practice},
	volume={16},
	number={7},
	pages={798--812},
	year={2008},
	publisher={Elsevier}
}

@article{de1995new,
	title={A new model for control of systems with friction},
	author={{De} Wit, C {Canudas} and {Olsson}, Hans and {Astrom}, Karl Johan and {Lischinsky}, Pablo},
	journal={IEEE Transactions on automatic control},
	volume={40},
	number={3},
	pages={419--425},
	year={1995},
	publisher={IEEE}
}

@article{kano2005simple,
	title={Simple nonlinear magnetic analysis for permanent-magnet motors},
	author={{Kano}, Yoshiaki and {Kosaka}, Takashi and {Matsui}, Nobuyuki},
	journal={IEEE Transactions on industry applications},
	volume={41},
	number={5},
	pages={1205--1214},
	year={2005},
	publisher={IEEE}
}



@article{2009Performance,
	title={Performance-Improved Design of N-PID Controlled Motion Systems With Applications to Wafer Stages},
	author={ {Heertjes}, M. F.  and  {Schuurbiers}, X. G. P.  and  {Nijmeijer}, H. },
	journal={IEEE Transactions on Industrial Electronics},
	volume={56},
	number={5},
	pages={1347-1355},
	year={2009},
}

@article{王文深2018基于,
	title={基于PID+ESO控制器的气动机械手控制仿真分析及试验研究},
	author={王文深 and 胡陈春},
	journal={液压与气动},
	volume={No.321},
	number={05},
	pages={110-116},
	year={2018},
}
@article{王辉2014新型智能,
	title={新型智能PID控制的PMLSM调速系统研究},
	author={王辉 and 张段芹 and 王才东},
	journal={微电机},
	volume={47},
	number={001},
	pages={71-76},
	year={2014},
}


@inproceedings{inproceedings,
	author = {Zhishu, Xu and Tao, Cai and Guanghui, Wang and Xing, Xu},
	year = {2012},
	month = {01},
	pages = {4366-4371},
	title = {The CFI-PID controller design of PMLSM vector control system},
	isbn = {978-1-4673-2581-3},
	journal = {Chinese Control Conference, CCC}
}


@article{2011Anti,
	title={Anti-Windup PID Controller With Integral State Predictor for Variable-Speed Motor Drives},
	author={ {Shin}, H. B.  and  {Park}, J. G. },
	journal={IEEE Transactions on Industrial Electronics},
	volume={59},
	number={3},
	pages={1509-1516},
	year={2011},
}

@article{2020A,
	title={A Novel Approach to Control of Piezo-Transducer in Microelectronics Packaging: PSO-PID and Editing Trajectory Optimization},
	author={ {Long}, Z.  and  {Jiang}, Z.  and  {Wang}, C.  and  {Jin}, Y.  and  {Li}, Y. },
	journal={IEEE Transactions on Components, Packaging, and Manufacturing Technology},
	volume={PP},
	number={99},
	pages={1-1},
	year={2020},
}

@article{uchiyama1978formation,
	title={Formation of high-speed motion pattern of a mechanical arm by trial},
	author={{Uchiyama}, Masaru},
	journal={Transactions of the Society of Instrument and Control Engineers},
	volume={14},
	number={6},
	pages={706--712},
	year={1978},
	publisher={The Society of Instrument and Control Engineers}
}


@article{1998Adaptive,
	author = {{Ge}, S S and {Lee}, Tong Heng and {Harris}, Christopher John},
	year = {2003},
	month = {06},
	pages = {523-524},
	title = {Adaptive neural network control for robotic manipulators [Book Review]},
	volume = {19},
	journal = {IEEE Transactions on Robotics},
}

@article{kawamura1984iterative,
	title={Iterative learning control for robotic systems},
	author={{Kawamura}, Sadao},
	journal={Proc. of IECON'84, Tokyo},
	pages={393--398},
	year={1984}
}

@article{mishra2010optimization,
	title={Optimization-based constrained iterative learning control},
	author={{Mishra}, Sandipan and {Topcu}, Ufuk and {Tomizuka}, Masayoshi},
	journal={IEEE Transactions on Control Systems Technology},
	volume={19},
	number={6},
	pages={1613--1621},
	year={2010},
	publisher={IEEE}
}

@article{abidi2010iterative,
	title={Iterative learning control for sampled-data systems: From theory to practice},
	author={{Abidi}, Khalid and {Xu}, Jian-Xin},
	journal={IEEE Transactions on Industrial Electronics},
	volume={58},
	number={7},
	pages={3002--3015},
	year={2010},
	publisher={IEEE}
}

@article{heertjes2007nonlinear,
	title={Nonlinear iterative learning control with applications to lithographic machinery},
	author={{Heertjes}, Marcel and {Tso}, Tim},
	journal={Control Engineering Practice},
	volume={15},
	number={12},
	pages={1545--1555},
	year={2007},
	publisher={Elsevier}
}

@inproceedings{zhang2018data,
	title={Data--driven adaptive iterative learning control based on a local dynamic linearization},
	author={{Zhang}, Shuhua and {Hui}, Yu and {Chi}, Ronghu},
	booktitle={2018 IEEE 7th Data Driven Control and Learning Systems Conference (DDCLS)},
	pages={184--188},
	year={2018},
	address={Enshi,China}
	organization={IEEE}
}



@article{hao2020extended,
	title={Extended state observer based indirect-type {ILC} for single-input single-output batch processes with time-and batch-varying uncertainties},
	author={{Hao}, Shoulin and {Liu}, Tao and {Rogers}, Eric},
	journal={Automatica},
	volume={112},
	pages={108673},
	year={2020},
	publisher={Elsevier}
}

@article{mishra2007precision,
	title={Precision positioning of wafer scanners segmented iterative learning control for nonrepetitive disturbances [applications of control]},
	author={{Mishra}, Sandipan and {Coaplen}, Joshua and {Tomizuka}, Masavoshi},
	journal={IEEE Control Systems Magazine},
	volume={27},
	number={4},
	pages={20--25},
	year={2007},
	publisher={IEEE}
}

@article{chi2020convergence,
	title={Convergence Analysis of Sampled-data {ILC} for Locally Lipschitz Continuous Nonlinear Nonaffine Systems with Non-repetitive Uncertainties},
	author={{Chi}, Ronghu and {Hui}, Yu and {Chien}, Chiang-Ju and {Huang}, Biao and {Hou}, Zhongsheng},
	journal={IEEE Transactions on Automatic Control},
	year={2020},
	publisher={IEEE}
}

@article{butler2012adaptive,
	title={Adaptive feedforward for a wafer stage in a lithographic tool},
	author={{Butler}, Hans},
	journal={IEEE Transactions on Control Systems Technology},
	volume={21},
	number={3},
	pages={875--881},
	year={2012},
	publisher={IEEE}
}

@article{cho2014high,
	title={A high-precision motion control based on a periodic adaptive disturbance observer in a PMLSM},
	author={{Cho}, Kwanghyun and {Kim}, Jonghwa and {Choi}, Seibum Ben and {Oh}, Sehoon},
	journal={IEEE/ASME Transactions on Mechatronics},
	volume={20},
	number={5},
	pages={2158--2171},
	year={2014},
	publisher={IEEE}
}

@article{zhang2019force,
	title={Force ripple compensation in a PMLSM position servo system using periodic adaptive learning control},
	author={{Zhang}, Wenjing and {Nan}, Nan and {Yang}, Yifan and {Zhong}, Weifeng and {Chen}, YangQuan},
	journal={ISA transactions},
	volume={95},
	pages={266--277},
	year={2019},
	publisher={Elsevier}
}

@article{wang2020parameter,
	title={Parameter estimation and adaptive control for servo mechanisms with friction compensation},
	author={{Wang}, Shubo and {Na}, Jing},
	journal={IEEE Transactions on Industrial Informatics},
	volume={16},
	number={11},
	pages={6816--6825},
	year={2020},
	publisher={IEEE}
}

@article{ziegler1942optimum,
	title={Optimum settings for automatic controllers},
	author={{Ziegler}, John G and {Nichols}, Nathaniel B and others},
	journal={trans. ASME},
	volume={64},
	number={11},
	year={1942}
}

@book{黄友锐2010pid,
	title={PID 控制器参数整定与实现},
	author={黄友锐 and 曲立国 and others},
	year={2010},
	address={北京},
	publisher={科学出版社}
}

@article{张建国2004PID,
	title={PID控制器自整定技术的发展及实现},
	author={张建国},
	journal={漳州职业大学学报},
	volume={6},
	number={1},
	pages={56-56},
	year={2004},
}

@article{曾振平2004基于新的误差积分准则的,
	title={基于新的误差积分准则的PID控制器优化},
	author={曾振平 and 陈增强 and 袁著祉},
	journal={控制工程},
	volume={11},
	number={001},
	pages={52-54},
	year={2004},
}

@article{曾庆山2004分数阶,
	title={分数阶$\mathrm{PI}^\lambda\mathrm{D}^\mu$控制器的仿真研究},
	author={曾庆山 and 曹广益 and 王振滨},
	journal={系统仿真学报},
	volume={16},
	number={3},
	pages={465-469},
	year={2004},
}

@article{张立群2005H,
	title={H$\infty$混合灵敏度约束下PID控制器设计},
	author={张立群 and 李东海 and 薛亚丽 and 唐多元},
	journal={清华大学学报(自然科学版)},
	number={05},
	pages={700-703},
	year={2005},
}

@article{李丽香2006基于混沌蚂蚁群算法的,
	title={基于混沌蚂蚁群算法的PID控制器的参数整定},
	author={李丽香 and 彭海朋 and 王向东 and 杨义先},
	journal={仪器仪表学报},
	number={9},
	pages={1104-1106},
	year={2006},
}

@article{张怀相2006基于迭代学习控制的,
	title={基于迭代学习控制的PID控制器设计},
	author={张怀相 and 原魁 and 邹伟},
	journal={系统工程与电子技术},
	number={08},
	pages={1225-1228},
	year={2006},
}

@phdthesis{马建伟0多指标满意,
	title={多指标满意PID控制设计研究},
	author={马建伟},
	address={南京},
	school={南京理工大学},
}

@article{李银伢2007基于参数空间图解法的多目标满意,
	title={基于参数空间图解法的多目标满意PID控制器},
	author={李银伢 and 盛安冬 and 王远钢},
	journal={系统工程与电子技术},
	volume={29},
	number={001},
	pages={134-138},
	year={2007},
}

@article{吕建婷2008卫星姿态调节的滑模,
	title={卫星姿态调节的滑模PID控制器设计},
	author={吕建婷 and 李传江 and 马广富},
	journal={哈尔滨工业大学学报},
	volume={40},
	number={007},
	pages={1009-1012},
	year={2008},
}

@article{明学星2008基于混沌理论的预测,
	title={基于混沌理论的预测PID控制器参数优化研究},
	author={明学星 and 王建国 and 吕震中 and 于向军},
	journal={热能动力工程},
	number={02},
	pages={178-182},
	year={2008},
}

@inproceedings{meng2009design,
	title={Design of an optimal fractional-order PID controller using multi-objective GA optimization},
	author={{Meng}, Li and {Xue}, Dingyu},
	booktitle={2009 Chinese Control and Decision Conference},
	pages={3849--3853},
	year={2009},
	organization={IEEE}
}


@article{zribi2018new,
	title={A new PID neural network controller design for nonlinear processes},
	author={{Zribi}, Ali and {Chtourou}, Mohamed and {Djemel}, Mohamed},
	journal={Journal of Circuits, Systems and Computers},
	volume={27},
	number={04},
	pages={1850065},
	year={2018},
	publisher={World Scientific}
}

@inproceedings{cheng2019data,
	title={Data-Driven Tuning Method for LQR Based Optimal PID Controller},
	author={{Cheng}, Zilong and {Li}, Xiaocong and {Ma}, Jun and {Teo}, Chek Sing and {Tan}, Kok Kiong and {Lee}, Tong Heng},
	booktitle={IECON 2019-45th Annual Conference of the IEEE Industrial Electronics Society},
	volume={1},
	pages={5186--5191},
	year={2019},
	organization={IEEE}
}

@article{pongfai2020novel,
	title={A novel optimal PID controller autotuning design based on the SLP algorithm},
	author={{Pongfai}, Jirapun and {Su}, Xiaojie and {Zhang}, Huiyan and {Assawinchaichote}, Wudhichai},
	journal={Expert Systems},
	volume={37},
	number={2},
	pages={e12489},
	year={2020},
	publisher={Wiley Online Library}
}

@book{刘金琨2005滑模变结构控制,
	title={滑模变结构控制 MATLAB 仿真},
	author={刘金琨},
	year={2005},
	address={北京},
	publisher={清华大学出版社有限公司}
}

@article{young1999control,
	title={A control engineer's guide to sliding mode control},
	author={{Young}, K David and {Utkin}, Vadim I and {Ozguner}, Umit},
	journal={IEEE transactions on control systems technology},
	volume={7},
	number={3},
	pages={328--342},
	year={1999},
	publisher={IEEE}
}

@book{高为炳1996变结构控制的理论及设计方法,
	title={变结构控制的理论及设计方法},
	author={高为炳},
	volume={19},
	number={9},
	year={1996},
	address={北京},
	publisher={科学出版社}
}

@article{shtessel2009guidance,
	title={Guidance and control of missile interceptor using second-order sliding modes},
	author={{Shtessel}, Yuri B and {Shkolnikov}, Ilya A and {Levant}, Arie},
	journal={IEEE Transactions on Aerospace and Electronic Systems},
	volume={45},
	number={1},
	pages={110--124},
	year={2009},
	publisher={IEEE}
}

@article{eker2010second,
	title={Second-order sliding mode control with experimental application},
	author={{Eker}, Ilyas},
	journal={ISA transactions},
	volume={49},
	number={3},
	pages={394--405},
	year={2010},
	publisher={Elsevier}
}

@article{utkin2013adaptive,
	title={Adaptive sliding mode control with application to super-twist algorithm: Equivalent control method},
	author={{Utkin}, Vadim I and {Poznyak}, Alex S},
	journal={Automatica},
	volume={49},
	number={1},
	pages={39--47},
	year={2013},
	publisher={Elsevier}
}

@article{cheema2017combined,
	title={Combined speed and direct thrust force control of linear permanent-magnet synchronous motors with sensorless speed estimation using a sliding-mode control with integral action},
	author={{Cheema}, Muhammad Ali Masood and {Fletcher}, John Edward and {Farshadnia}, Mohammad and {Xiao}, Dan and {Rahman}, Muhammad Faz},
	journal={IEEE Transactions on Industrial Electronics},
	volume={64},
	number={5},
	pages={3489--3501},
	year={2017},
	publisher={IEEE}
}

@article{madani2016modular,
	title={Modular-controller-design-based fast terminal sliding mode for articulated exoskeleton systems},
	author={{Madani}, Tarek and {Daachi}, Boubaker and {Djouani}, Karim},
	journal={IEEE Transactions on Control Systems Technology},
	volume={25},
	number={3},
	pages={1133--1140},
	year={2016},
	publisher={IEEE}
}

@article{zhao2019adaptive,
	title={Adaptive neural network nonsingular fast terminal sliding mode control for permanent magnet linear synchronous motor},
	author={{Zhao}, Ximei and {Fu}, Dongxue},
	journal={IEEE Access},
	volume={7},
	pages={180361--180372},
	year={2019},
	publisher={IEEE}
}


@article{slotine1983tracking,
	title={Tracking control of non-linear systems using sliding surfaces, with application to robot manipulators},
	author={{Slotine}, Jean-Jacques and {Sastry}, S Shankar},
	journal={International journal of control},
	volume={38},
	number={2},
	pages={465--492},
	year={1983},
	publisher={Taylor \& Francis}
}

@article{tseng2010chattering,
	title={Chattering reduction of sliding mode control by low-pass filtering the control signal},
	author={{Tseng}, Ming-Lei and {Chen}, Min-Shin},
	journal={Asian Journal of control},
	volume={12},
	number={3},
	pages={392--398},
	year={2010},
	publisher={Wiley Online Library}
}

@article{zhang2013design,
	title={Design of adaptive sliding mode controllers for linear systems via output feedback},
	author={{Zhang}, Jinhui and {Zheng}, Wei Xing},
	journal={IEEE transactions on industrial electronics},
	volume={61},
	number={7},
	pages={3553--3562},
	year={2013},
	publisher={IEEE}
}

@article{bartoszewicz1996remarks,
	title={Remarks on discrete-time variable structure control systems},
	author={{Bartoszewicz}, Andrzej},
	journal={IEEE transactions on industrial electronics (1982)},
	volume={43},
	number={1},
	pages={235--238},
	year={1996}
}

@article{张合新2013一种新型滑模控制双幂次趋近律,
	title={一种新型滑模控制双幂次趋近律},
	author={张合新 and 范金锁 and 孟飞 and 黄金峰},
	journal={控制与决策},
	number={02},
	pages={289-293},
	year={2013},
}

@inproceedings{yuen2019data,
	title={Data--driven Neural Feedforward Controller Design for Industrial Linear Motors},
	author={{Yuen}, Yuk Hang and {Lazar}, Mircea and {Butler}, Hans},
	booktitle={2019 23rd International Conference on System Theory, Control and Computing (ICSTCC)},
	pages={461--467},
	year={2019},
	address={United States},
	organization={IEEE}
}

@article{butler2013magnetic,
	title={Magnetic disturbance compensation for a reticle stage in a lithographic tool},
	author={{Butler}, Hans},
	journal={Mechatronics},
	volume={23},
	number={6},
	pages={559--565},
	year={2013},
	publisher={Elsevier}
}

@article{zhang2016disturbance,
	title={Disturbance observer-based integral sliding-mode control for systems with mismatched disturbances},
	author={{Zhang}, Jinhui and {Liu}, Xinwei and {Xia}, Yuanqing and {Zuo}, Zhiqiang and {Wang}, Yijing},
	journal={IEEE Transactions on Industrial Electronics},
	volume={63},
	number={11},
	pages={7040--7048},
	year={2016},
	publisher={IEEE}
}


@article{lin2010fpga,
	title={FPGA-based intelligent-complementary sliding-mode control for PMLSM servo-drive system},
	author={{Lin}, Faa-Jeng and {Hwang}, Jonq-Chin and {Chou}, Po-Huan and {Hung}, Ying-aChih},
	journal={IEEE transactions on power electronics},
	volume={25},
	number={10},
	pages={2573--2587},
	year={2010},
	publisher={IEEE}
}

@article{sun2019adaptive,
	title={Adaptive sliding mode control of maglev system based on RBF neural network minimum parameter learning method},
	author={{Sun}, Yougang and {Xu}, Junqi and {Qiang}, Haiyan and {Chen}, Chen and {Lin}, GuoBin},
	journal={Measurement},
	volume={141},
	pages={217--226},
	year={2019},
	publisher={Elsevier}
}


%%第4章%%%
@article{wang2015modified,
	title={Modified robust sliding-mode control method for wafer scanner},
	author={{Wang}, Yiguang and {Chen}, Xinglin and {Li}, Xiaojie},
	journal={Advances in Mechanical Engineering},
	volume={7},
	number={3},
	pages={1687814015577599},
	year={2015},
	publisher={SAGE Publications Sage UK: London, England}
}

@article{slotine1983tracking,
	title={Tracking control of non-linear systems using sliding surfaces, with application to robot manipulators},
	author={{Slotine}, Jean-Jacques and {Sastry}, S Shankar},
	journal={International journal of control},
	volume={38},
	number={2},
	pages={465--492},
	year={1983},
	publisher={Taylor \& Francis}
}

@article{burton1986continuous,
	title={Continuous approximation of variable structure control},
	author={{Burton}, JA and {Zinober}, Alan SI},
	journal={International journal of systems science},
	volume={17},
	number={6},
	pages={875--885},
	year={1986},
	publisher={Taylor \& Francis}
}

@article{tseng2010chattering,
	title={Chattering reduction of sliding mode control by low-pass filtering the control signal},
	author={{Tseng}, Ming-Lei and {Chen}, Min-Shin},
	journal={Asian Journal of control},
	volume={12},
	number={3},
	pages={392--398},
	year={2010},
	publisher={Wiley Online Library}
}

@article{zhang2013design,
	title={Design of adaptive sliding mode controllers for linear systems via output feedback},
	author={{Zhang}, Jinhui and {Zheng}, Wei Xing},
	journal={IEEE transactions on industrial electronics},
	volume={61},
	number={7},
	pages={3553--3562},
	year={2013},
	publisher={IEEE}
}

@article{lee2017adaptive,
	title={Adaptive integral sliding mode control with time-delay estimation for robot manipulators},
	author={{Lee}, Junyoung and {Chang}, Pyung Hun and {Jin}, Maolin},
	journal={IEEE Transactions on Industrial Electronics},
	volume={64},
	number={8},
	pages={6796--6804},
	year={2017},
	publisher={IEEE}
}

@misc{slotine2006应用非线性控制,
	title={应用非线性控制},
	author={{Slotine}, Jean—Jacques E and {Li}, Weiping},
	year={2006},
	address={北京},
	publisher={机械工业出版社}
}

@article{jin2007investigation,
	title={Investigation of a novel method of saturation function for chattering reduction of sliding mode control},
	author={{Jin}, Hong-zhang and {Luo}, Yan-ming and {Xiao}, Zhen and {Zhang}, Xiao-fei},
	journal={Journal of Harbin Engineering University},
	volume={3},
	year={2007}
}
@phdthesis{王一光0滑模变结构控制在扫描光刻系统中的应用研究,
	title={滑模变结构控制在扫描光刻系统中的应用研究},
	author={王一光},
	address={哈尔滨},
	year={2015},
	school={哈尔滨工业大学},
}
@article{sun2019adaptive,
	title={Adaptive sliding mode control of maglev system based on {RBF} neural network minimum parameter learning method},
	author={{Sun}, Yougang and {Xu}, Junqi and {Qiang}, Haiyan and {Chen}, Chen and {Lin}, GuoBin},
	journal={Measurement},
	volume={141},
	pages={217--226},
	year={2019},
	publisher={Elsevier}
}

@article{li2018sliding,
	title={Sliding-mode control combined with improved adaptive feedforward for wafer scanner},
	author={{Li}, Xiaojie and {Wang}, Yiguang},
	journal={Mechanical Systems and Signal Processing},
	volume={103},
	pages={105--116},
	year={2018},
	publisher={Elsevier}
}

%%第3章%%%%
@article{landau1980extension,
	title={An extension of a stability theorem applicable to adaptive control},
	author={{Landau}, I},
	journal={IEEE Transactions on Automatic Control},
	volume={25},
	number={4},
	pages={814--817},
	year={1980},
	publisher={IEEE}
}

%%修改版

@article{wang2011design,
	title={Design of fuzzy-immune-PID controller in servo control system},
	author={{Wang}, Xue-Lun and {Cheng}, Zhi and {Fu}, Lei and {Wang}, Yu},
	journal={Wei-Te Dianji(Small \& Special Electrical Machines)},
	volume={39},
	number={4},
	pages={58--61},
	year={2011},
	publisher={China Electronics Technology Group,| a 30 Hongcao Road| c Shanghai| z 200233~…}
}

@article{wang2015detent,
	title={Detent force compensation for PMLSM systems based on structural design and control method combination},
	author={{Wang}, Mingyi and {Li}, Liyi and {Pan}, Donghua},
	journal={IEEE Transactions on Industrial Electronics},
	volume={62},
	number={11},
	pages={6845--6854},
	year={2015},
	publisher={IEEE}
}

@article{yang2018integrated,
	title={Integrated uncertainty/disturbance compensation with second-order sliding-mode observer for PMLSM-driven motion stage},
	author={{Yang}, Rui and {Wang}, Mingyi and {Li}, Liyi and {Zenggu}, Yiming and {Jiang}, Jialin},
	journal={IEEE Transactions on Power Electronics},
	volume={34},
	number={3},
	pages={2597--2607},
	year={2018},
	publisher={IEEE}
}

@article{tan2002robust,
	title={Robust adaptive numerical compensation for friction and force ripple in permanent-magnet linear motors},
	author={{Tan}, KK and {Huang}, SN and {Lee}, TH},
	journal={IEEE Transactions on Magnetics},
	volume={38},
	number={1},
	pages={221--228},
	year={2002},
	publisher={IEEE}
}

@article{chen2009modeling,
	title={Modeling and compensation of ripples and friction in permanent-magnet linear motor using a hysteretic relay},
	author={{Chen}, Si-Lu and {Tan}, Kok Kiong and {Huang}, Sunan and {Teo}, Chek Sing},
	journal={IEEE/ASME Transactions on Mechatronics},
	volume={15},
	number={4},
	pages={586--594},
	year={2009},
	publisher={IEEE}
}

@article{wassink2005lpv,
	title={{LPV} control for a wafer stage: beyond the theoretical solution},
	author={{Wassink}, Matthijs Groot and van de Wal, {Marc} and {Scherer}, Carsten and {Bosgra}, Okko},
	journal={Control Engineering Practice},
	volume={13},
	number={2},
	pages={231--245},
	year={2005},
	publisher={Elsevier}
}

@article{heertjes2014self,
	title={Self-tuning in integral sliding mode control with a Levenberg--Marquardt algorithm},
	author={{Heertjes}, Marcel and {Verstappen}, Ron},
	journal={Mechatronics},
	volume={24},
	number={4},
	pages={385--393},
	year={2014},
	publisher={Elsevier}
}

@article{li2016state,
	title={State/model-free variable-gain discrete sliding mode control for an ultraprecision wafer stage},
	author={{Li}, Min and {Yang}, Kaiming and {Zhu}, Yu and {Mu}, Haihua and {Hu}, Chuxiong},
	journal={IEEE Transactions on Industrial Electronics},
	volume={64},
	number={8},
	pages={6695--6705},
	year={2016},
	publisher={IEEE}
}

@article{young1999control,
	title={A control engineer's guide to sliding mode control},
	author={{Young}, K David and {Utkin}, Vadim I and {Ozguner}, Umit},
	journal={IEEE transactions on control systems technology},
	volume={7},
	number={3},
	pages={328--342},
	year={1999},
	publisher={IEEE}
}

@article{huang2008adaptive,
	title={Adaptive sliding-mode control for nonlinearsystems with uncertain parameters},
	author={{Huang}, Ying-Jeh and {Kuo}, Tzu-Chun and {Chang}, Shin-Hung},
	journal={IEEE Transactions on Systems, Man, and Cybernetics, Part B (Cybernetics)},
	volume={38},
	number={2},
	pages={534--539},
	year={2008},
	publisher={IEEE}
}

@article{tong2003fuzzy,
	title={Fuzzy adaptive sliding-mode control for MIMO nonlinear systems},
	author={{Tong}, Shaocheng and {Li}, Han-Xiong},
	journal={IEEE Transactions on Fuzzy Systems},
	volume={11},
	number={3},
	pages={354--360},
	year={2003},
	publisher={IEEE}
}

@article{qi2013adaptive,
	title={Adaptive position tracking control of permanent magnet synchronous motor based on RBF fast terminal sliding mode control},
	author={{Qi}, Liang and {Shi}, Hongbo},
	journal={Neurocomputing},
	volume={115},
	pages={23--30},
	year={2013},
	publisher={Elsevier}
}

@article{fu2020frequency,
	title={A Frequency-Domain Data-driven Adaptive Iterative Learning Control Approach: With Application to Wafer Stage},
	author={{Fu}, Xuewei and {Yang}, Xiaofeng and {Zanchetta}, Pericle and {Liu}, Yang and {Ding}, Chenyang and {Tang}, Mi and {Chen}, Zhenyu},
	journal={IEEE Transactions on Industrial Electronics},
	year={2020},
	publisher={IEEE}
}

@book{阮毅2016电力拖动自动控制系统,
	title={电力拖动自动控制系统: 运动控制系统},
	author={阮毅},
	year={2016},
	address={北京},
	publisher={机械工业出版社}
}

@inbook{1987Powell,
	author = {{Powell}, {M. J. D.}},
	title = {Radial Basis Functions for Multivariable Interpolation: A Review},
	year = {1987},
	isbn = {0198536127},
	publisher = {Clarendon Press},
	address = {USA},
	booktitle = {Algorithms for Approximation},
	pages = {143–167},
	numpages = {25}
}