//第一章参考文献
@Misc{csia,
  note = {\url{http://www.csia.net.cn/Article/ShowInfo.asp?InfoID=107455/}, Last accessed on 2022-3-22},
  title = {2021年中国集成电路产业运行情况},
  author = {中国半导体行业协会},
  year = {2022}
}
@article{2014国家集成电路产业发展推进纲要,
  title={国家集成电路产业发展推进纲要},
  journal={中国集成电路},
  volume={23},
  number={7},
  pages={3},
  year={2014},
}
@inproceedings{castenmiller2010towards,
  title={Towards ultimate optical lithography with NXT: 1950i dual stage immersion platform},
  author={Castenmiller, Tom and van de Mast, Frank and de Kort, Toine and van de Vin, Coen and de Wit, Marten and Stegen, Raf and van Cleef, Stefan},
  booktitle={Optical Microlithography XXIII},
  volume={7640},
  pages={623--634},
  year={2010},
  organization={SPIE}
}
@article{schmidt2012ultra,
  title={Ultra-precision engineering in lithographic exposure equipment for the semiconductor industry},
  author={Schmidt, Robert-H Munnig},
  journal={Philosophical Transactions of the Royal Society A: Mathematical, Physical and Engineering Sciences},
  volume={370},
  number={1973},
  pages={3950--3972},
  year={2012},
  publisher={The Royal Society Publishing}
}
@article{meli1998long,
  title={Long-range AFM profiler used for accurate pitch measurements},
  author={Meli, F and Thalmann, R},
  journal={Measurement Science and Technology},
  volume={9},
  number={7},
  pages={1087},
  year={1998},
  publisher={IOP Publishing}
}
@article{misumi2005sub,
  title={Sub-hundred nanometre pitch measurements using an AFM with differential laser interferometers for designing usable lateral scales},
  author={Misumi, Ichiko and Gonda, Satoshi and Huang, Qiangxian and Keem, Taeho and Kurosawa, Tomizo and Fujii, Akihiro and Hisata, Nahoko and Yamagishi, Takeshi and Fujimoto, Hirohisa and Enjoji, Ken and others},
  journal={Measurement Science and Technology},
  volume={16},
  number={10},
  pages={2080},
  year={2005},
  publisher={IOP Publishing}
}
@article{kramar2010scanning,
  title={Scanning probe microscope dimensional metrology at NIST},
  author={Kramar, John A and Dixson, Ronald and Orji, Ndubuisi G},
  journal={Measurement science and technology},
  volume={22},
  number={2},
  pages={024001},
  year={2010},
  publisher={IOP Publishing}
}
@article{salapaka2008scanning,
  title={Scanning probe microscopy},
  author={Salapaka, Srinivasa M and Salapaka, Murti V},
  journal={IEEE Control Systems Magazine},
  volume={28},
  number={2},
  pages={65--83},
  year={2008},
  publisher={IEEE}
}
@article{dai2005accurate,
  title={Accurate and traceable calibration of one-dimensional gratings},
  author={Dai, Gaoliang and Koenders, Ludger and Pohlenz, Frank and Dziomba, Thorsten and Danzebrink, Hans-Ulrich},
  journal={Measurement Science and Technology},
  volume={16},
  number={6},
  pages={1241},
  year={2005},
  publisher={IOP Publishing}
}
@article{zhou2008large,
  title={Large fabrication tolerance for VCSELs using high-contrast grating},
  author={Zhou, Ye and Huang, Michael CY and Chang-Hasnain, Connie J},
  journal={IEEE Photonics Technology Letters},
  volume={20},
  number={6},
  pages={434--436},
  year={2008},
  publisher={IEEE}
}
@mastersthesis{曹妍2019基于膜电极的电容微位移传感器研究与设计,
  title={基于膜电极的电容微位移传感器研究与设计},
  author={曹妍},
  year={2019},
  address = {合肥},
  school={合肥工业大学}
}
@mastersthesis{刘敏2019双向电感微位移传感技术研究,
  title={双向电感微位移传感技术研究},
  author={刘敏},
  year={2019},
  address = {哈尔滨},
  school={哈尔滨工业大学}
}
@article{程晓辉1999光学纳米测量方法及发展趋势,
  title={光学纳米测量方法及发展趋势},
  author={程晓辉 and 赵洋 and 李达成},
  journal={光学技术},
  volume={3},
  pages={73--77},
  year={1999}
}
@article{engelhardt1996absolute,
  title={Absolute, high-resolution optical position encoder},
  author={Engelhardt, Kai and Seitz, Peter},
  journal={Applied optics},
  volume={35},
  number={1},
  pages={201--208},
  year={1996},
  publisher={Optical Society of America}
}
@article{ye2019real,
  title={Real-time displacement calculation and offline geometric calibration of the grating interferometer system for ultra-precision wafer stage measurement},
  author={Ye, Weinan and Zhang, Ming and Zhu, Yu and Wang, Leijie and Hu, Jinchun and Li, Xin and Hu, Chuxiong},
  journal={Precision Engineering},
  volume={60},
  pages={413--420},
  year={2019},
  publisher={Elsevier}
}
@article{2000New,
  title={New advance in laser interferometry},
  author={ Yin, C.  and  Chao, Z.  and  Gao, S.  and  Hong, J.  and  Jin, S. },
  journal={Proceedings of SPIE - The International Society for Optical Engineering},
  year={2000},
}
@article{hu2019displacement,
  title={Displacement measuring grating interferometer: a review},
  author={Hu, Peng-cheng and Chang, Di and Tan, Jiu-bin and Yang, Rui-tao and Yang, Hong-xing and Fu, Hai-jin},
  journal={Frontiers of Information Technology \& Electronic Engineering},
  volume={20},
  number={5},
  pages={631--654},
  year={2019},
  publisher={Springer}
}
@article{lee2007optical,
  title={Optical heterodyne grating interferometry for displacement measurement with subnanometric resolution},
  author={Lee, Ju-Yi and Chen, Hui-Yi and Hsu, Cheng-Chih and Wu, Chyan-Chyi},
  journal={Sensors and Actuators A: physical},
  volume={137},
  number={1},
  pages={185--191},
  year={2007},
  publisher={Elsevier}
}
@phdthesis{王雪英2014基于衍射干涉原理的高精度光栅位移测量系统研究,
  title={基于衍射干涉原理的高精度光栅位移测量系统研究},
  author={王雪英},
  year={2014},
  address = {哈尔滨},
  school={哈尔滨工业大学}
}
@article{decker2009report,
  title={Report on an international comparison of one-dimensional (1D) grating pitch},
  author={Decker, Jennifer E and Buhr, E and Diener, A and Eves, B and Kueng, A and Meli, F and Pekelsky, JR and Pan, SP and Yao, BC},
  journal={Metrologia},
  volume={46},
  number={1A},
  pages={4001},
  year={2009},
  publisher={IOP Publishing}
}
@phdthesis{李晓天2013机械刻划光栅刻线误差及其修正方法研究,
  title={机械刻划光栅刻线误差及其修正方法研究},
  author={李晓天},
  year={2013},
  address = {长春},
  school={中国科学院研究生院 (长春光学精密机械与物理研究所)}
}
@article{misumi2003uncertainty,
  title={Uncertainty in pitch measurements of one-dimensional grating standards using a nanometrological atomic force microscope},
  author={Misumi, Ichiko and Gonda, Satoshi and Kurosawa, Tomizo and Takamasu, Kiyoshi},
  journal={Measurement Science and Technology},
  volume={14},
  number={4},
  pages={463},
  year={2003},
  publisher={IOP Publishing}
}
@misc{ishii1990optical,
  title={Optical type encoder including diffraction grating for producing interference fringes that are processed to measure displacement},
  author={Ishii, Satoshi and Nishimura, Tetsuharu and Ishizuka, Koh and Tsukiji, Masaaki},
  year={1990},
  month=mar # "~27",
  publisher={Google Patents},
  note={US Patent 4,912,320}
}
@misc{nishimura1991encoder,
  title={Encoder incorporating a displaceable diffraction grating},
  author={Nishimura, Tetsuharu and Kubota, Yoichi and Ishii, Satoshi and Ishizuka, Koh and Tsukiji, Masaaki},
  year={1991},
  month=aug # "~6",
  publisher={Google Patents},
  note={US Patent 5,038,032}
}
@misc{ishizuka1992encoder,
  title={Encoder with high resolving power and accuracy},
  author={Ishizuka, Koh and Nishimura, Tetsuharu},
  year={1992},
  month=sep # "~8",
  publisher={Google Patents},
  note={US Patent 5,146,085}
}
@misc{chiang1995wavefront,
  title={Wavefront reconstruction optics for use in a disk drive position measurement system},
  author={Chiang, Wen-Wei and Lee, Chih-Kung},
  year={1995},
  month=aug # "~15",
  publisher={Google Patents},
  note={US Patent 5,442,172}
}
@article{米凤文20000,
  title={0.1 $\mu$m 大行程精密定位控制系统的研究},
  author={米凤文 and 戴旭涵 and 沈亦兵 and 杨国光},
  journal={仪器仪表学报},
  volume={21},
  number={1},
  pages={89--91},
  year={2000}
}
@misc{郭军0一种二维测长单元,
  title={一种二维测长单元},
  author={郭军 and 王选择 and 谢铁邦},
  address = {CN},
  publisher={CN},
}
@article{王磊杰2017超精密外差利特罗式光栅干涉仪位移测量系统,
  title={超精密外差利特罗式光栅干涉仪位移测量系统},
  author={王磊杰 and 张鸣 and 朱煜 and 鲁森 and 杨开明},
  journal={光学精密工程},
  volume={25},
  number={12},
  pages={2975--2985},
  year={2017}
}
@article{ye2019ultraprecision,
  title={Ultraprecision real-time displacements calculation algorithm for the grating interferometer system},
  author={Ye, Weinan and Zhang, Ming and Zhu, Yu and Wang, Leijie and Hu, Jinchun and Li, Xin and Hu, Chuxiong},
  journal={Sensors},
  volume={19},
  number={10},
  pages={2409},
  year={2019},
  publisher={MDPI}
}
@article{ye2018translational,
  title={Translational displacement computational algorithm of the grating interferometer without geometric error for the wafer stage in a photolithography scanner},
  author={Ye, Weinan and Zhang, Ming and Zhu, Yu and Wang, Leijie and Hu, Jinchun and Li, Xin and Hu, Chuxiong},
  journal={Optics Express},
  volume={26},
  number={26},
  pages={34734--34752},
  year={2018},
  publisher={Optica Publishing Group}
}
@article{魏莉佳2020高精度平面光栅位移测量系统,
  title={高精度平面光栅位移测量系统},
  author={魏莉佳 and 张文涛 and 熊显名 and 杜浩 and 王献英},
  journal={激光杂志},
  volume={41},
  number={6},
  pages={17--21},
  year={2020}
}
//栅距测量参考文献
@article{倪重文2008分光计测定光栅常数,
  title={分光计测定光栅常数},
  author={倪重文 and 陈宪锋 and 沈小明 and 谢建生 and 蒋美萍},
  journal={大学物理实验},
  volume={21},
  number={2},
  pages={50--53},
  year={2008}
}
@article{王小羊2018光栅常数测定方法探讨,
  title={光栅常数测定方法探讨},
  author={王小羊},
  journal={电大理工},
  number={1},
  pages={1--2},
  year={2018}
}
@article{高思田2008纳米光栅栅距的精确测量与,
  title={纳米光栅栅距的精确测量与 nano4 国际比对},
  author={高思田 and 邵宏伟 and 王春艳},
  journal={计量学报},
  volume={29},
  number={B09},
  pages={118--121},
  year={2008}
}
@article{lv2019fast,
  title={Fast method to detect and calculate displacement errors in a Littrow grating-based interferometer},
  author={Lv, Qiang and Liu, Zhaowu and Wang, Wei and Jiang, Shan and Li, Wenhao and others},
  journal={Applied optics},
  volume={58},
  number={12},
  pages={3193--3199},
  year={2019},
  publisher={Optical Society of America}
}
@article{lu2016pitch,
  title={Pitch evaluation of gratings based on a digital image correlation technique},
  author={Lu, Yancong and Jia, Wei and Wei, Chunlong and Yu, Junjie and Li, Shubin and Li, Yanyang and Li, Minkang and Qiu, Jucheng and Wang, Shaoqing and Zhou, Changhe},
  journal={Optics Communications},
  volume={365},
  pages={68--75},
  year={2016},
  publisher={Elsevier}
}

@article{chen2014novel,
  title={A novel pitch evaluation of one-dimensional gratings based on a cross-correlation filter},
  author={Chen, Xiaomei and Koenders, Ludger},
  journal={Measurement Science and Technology},
  volume={25},
  number={4},
  pages={044007},
  year={2014},
  publisher={IOP Publishing}
}
@misc{陈云云2019一种测量光栅常数的系统,
  title={一种测量光栅常数的系统},
  author={陈云云 and 郑改革 and 程伟昊 and 卢劭聪 and 梁焘 and 李芋松},
  address = {CN},
  publisher={CN},
  year={2019}
}
@mastersthesis{路陈陈2020平面波导光栅常数检测装置的研究,
  title={平面波导光栅常数检测装置的研究},
  author={路陈陈},
  year={2020},
  address = {CN},
  school={暨南大学}
}

//第二章参考文献
@book{石顺祥2000物理光学与应用光学,
  title={物理光学与应用光学},
  author={石顺祥 and 张海兴 and 刘劲松},
  publisher={物理光学与应用光学},
  address = {CN},
  year={2000},
}
@article{palmer2005diffraction,
  title={Diffraction grating handbook},
  author={Palmer, Christopher and Loewen, Erwin G},
  year={2005},
  publisher={Newport Corporation New York}
}
@article{shi2018superlight,
  title={Superlight inverse Doppler effect},
  author={Shi, Xihang and Lin, Xiao and Kaminer, Ido and Gao, Fei and Yang, Zhaoju and Joannopoulos, John D and Solja{\v{c}}i{\'c}, Marin and Zhang, Baile},
  journal={Nature Physics},
  volume={14},
  number={10},
  pages={1001--1005},
  year={2018},
  publisher={Nature Publishing Group}
}
@book{giordano2012college,
  title={College physics: reasoning and relationships},
  author={Giordano, Nicholas},
  year={2012},
  publisher={Cengage Learning}
}

//第三章参考文献
@article{thalau2006magnetic,
  title={The magnetic compass mechanisms of birds and rodents are based on different physical principles},
  author={Thalau, Peter and Ritz, Thorsten and Burda, Hynek and Wegner, Regina E and Wiltschko, Roswitha},
  journal={Journal of the royal Society Interface},
  volume={3},
  number={9},
  pages={583--587},
  year={2006},
  publisher={The Royal Society London}
}
@inproceedings{preston1898radiation,
  title={Radiation phenomena in a strong magnetic field:...},
  author={Preston, Thomas},
  year={1898},
  organization={R. Dublin Soc.}
}
@article{sargent1967theory,
  title={Theory of a Zeeman laser. I},
  author={Sargent III, Murray and Lamb Jr, Willis E and Fork, RL},
  journal={Physical Review},
  volume={164},
  number={2},
  pages={436},
  year={1967},
  publisher={APS}
}
@article{rong2003frequency,
  title={Frequency-shift of a frequency stabilized laser based on Zeeman effect},
  author={Rong, Wei and Jian-Liao, Deng and Yong, Qian and Yu, Zhang and Yu-Zhu, Wang},
  journal={Chinese physics letters},
  volume={20},
  number={10},
  pages={1714},
  year={2003},
  publisher={IOP Publishing}
}
@article{李洪祚2008电光调制器,
  title={电光调制器},
  author={李洪祚 and 梁柱 and 刘国军 and 郑建平 and 金光勇 and 张剑家 and 詹伟达 and 李锐 and 唐颜峰 and others},
  year={2008}
}
@article{尚建华2012基于双声光移频器的外差式激光多普勒测振计,
  title={基于双声光移频器的外差式激光多普勒测振计},
  author={尚建华 and 任立红 and 徐海芹 and 赵曙光 and 贺岩 and others},
  journal={光子学报},
  volume={41},
  number={10},
  pages={1149--1155},
  year={2012}
}
@article{郭力仁2015声光移频器对微多普勒效应探测的影响研究,
  title={声光移频器对微多普勒效应探测的影响研究},
  author={郭力仁 and 胡以华 and 李政 and 徐世龙},
  journal={光 学 学 报},
  volume={35},
  number={2},
  year={2015}
}

@article{zurek2014quantum,
  title={Quantum Darwinism, classical reality, and the randomness of quantum jumps},
  author={Zurek, Wojciech H},
  journal={arXiv preprint arXiv:1412.5206},
  year={2014}
}

@book{cohen2013claude,
  title={Claude Cohen-Tannoudji; Bernard Diu; Franck Lalo{\"e}: Quantenmechanik},
  author={Cohen-Tannoudji, Claude and Diu, Bernard and Lalo{\"e}, Franck},
  volume={1},
  year={2013},
  publisher={Walter de Gruyter}
}

@misc{zettili2003quantum,
  title={Quantum mechanics: concepts and applications},
  author={Zettili, Nouredine},
  year={2003},
  publisher={AAPT}
}

//第四章参考文献
@article{chassagne20072d,
  title={A 2D nano-positioning system with sub-nanometric repeatability over the millimetre displacement range},
  author={Chassagne, Luc and Wakim, Marwan and Xu, Suan and Top{\c{c}}u, S and Ruaux, Pascal and Juncar, Patrick and Alayli, Yasser},
  journal={Measurement Science and Technology},
  volume={18},
  number={11},
  pages={3267},
  year={2007},
  publisher={IOP Publishing}
}
@article{李东光2000真空腔测量空气折射率的方法及精度分析,
  title={真空腔测量空气折射率的方法及精度分析},
  author={李东光 and 张国雄},
  journal={光学技术},
  volume={26},
  number={6},
  pages={499--501},
  year={2000}
}
@article{minoshima2011high,
  title={High-accuracy self-correction of refractive index of air using two-color interferometry of optical frequency combs},
  author={Minoshima, Kaoru and Arai, Kaoru and Inaba, Hajime},
  journal={Optics Express},
  volume={19},
  number={27},
  pages={26095--26105},
  year={2011},
  publisher={Optica Publishing Group}
}
@article{fang2002heterodyne,
  title={A heterodyne refractometer for air index of refraction and air density measurements},
  author={Fang, H and Picard, A and Juncar, P},
  journal={Review of scientific instruments},
  volume={73},
  number={4},
  pages={1934--1938},
  year={2002},
  publisher={American Institute of Physics}
}
@article{yazdani2014application,
  title={Application of the transport of intensity equation in determination of nonlinear refractive index},
  author={Yazdani, Roghayeh and Hajimahmoodzadeh, Morteza and Fallah, Hamid R},
  journal={Applied Optics},
  volume={53},
  number={35},
  pages={8295--8301},
  year={2014},
  publisher={Optica Publishing Group}
}
@article{tualle2003derivation,
  title={Derivation of the radiative transfer equation for scattering media with a spatially varying refractive index},
  author={Tualle, Jean-Michel and Tinet, Eric},
  journal={Optics communications},
  volume={228},
  pages={33--38},
  year={2003}
}
@article{ferwerda1999radiative,
  title={The radiative transfer equation for scattering media with a spatially varying refractive index},
  author={Ferwerda, Hedzer A},
  journal={Journal of Optics A: Pure and Applied Optics},
  volume={1},
  number={3},
  pages={L1},
  year={1999},
  publisher={IOP Publishing}
}
@article{edlen1966refractive,
  title={The refractive index of air},
  author={Edl{\'e}n, Bengt},
  journal={Metrologia},
  volume={2},
  number={2},
  pages={71},
  year={1966},
  publisher={IOP Publishing}
}
@article{birch1988results,
  title={The results of a comparison between calculated and measured values of the refractive index of air},
  author={Birch, KP and Downs, MJ},
  journal={Journal of Physics E: Scientific Instruments},
  volume={21},
  number={7},
  pages={694},
  year={1988},
  publisher={IOP Publishing}
}
@article{birch1993effect,
  title={The effect of variations in the refractive index of industrial air upon the uncertainty of precision length measurement},
  author={Birch, KP and Reinboth, F and Ward, RE and Wilkening, G},
  journal={Metrologia},
  volume={30},
  number={1},
  pages={7},
  year={1993},
  publisher={IOP Publishing}
}
@article{birch1993updated,
  title={An updated Edl{\'e}n equation for the refractive index of air},
  author={Birch, KP and Downs, MJ},
  journal={Metrologia},
  volume={30},
  number={3},
  pages={155},
  year={1993},
  publisher={IOP Publishing}
}
@article{birch1994correction,
  title={Correction to the updated Edl{\'e}n equation for the refractive index of air},
  author={Birch, KP and Downs, MJ},
  journal={Metrologia},
  volume={31},
  number={4},
  pages={315},
  year={1994},
  publisher={IOP Publishing}
}
@article{yan2014measurement,
  title={Measurement of air refractive index fluctuation based on a laser synthetic wavelength interferometer},
  author={Yan, Liping and Chen, Benyong and Zhang, Cen and Liu, Yanna and Dong, Wenjun and Li, Chaorong},
  journal={Measurement Science and Technology},
  volume={25},
  number={9},
  pages={095006},
  year={2014},
  publisher={IOP Publishing}
}
@article{张志平2022激光外差干涉技术在光刻机中的应用,
  title={激光外差干涉技术在光刻机中的应用 Invited},
  author={张志平 and 杨晓峰 and others},
  journal={激光与光电子学进展},
  volume={59},
  number={9},
  pages={0922017},
  year={2022}
}